@misc{rogers2023unifyingprivacyanalysisframework,
    title={A Unifying Privacy Analysis Framework for Unknown Domain Algorithms in Differential Privacy}, 
    author={Ryan Rogers},
    year={2023},
    eprint={2309.09170},
    archivePrefix={arXiv},
    primaryClass={cs.CR},
    url={https://arxiv.org/abs/2309.09170}, 
}