@inproceedings{rappor,title	= {RAPPOR: Randomized Aggregatable Privacy-Preserving Ordinal Response},author	= {Ãšlfar Erlingsson and Vasyl Pihur and Aleksandra Korolova},year	= {2014},URL	= {https://arxiv.org/abs/1407.6981},booktitle	= {Proceedings of the 21st ACM Conference on Computer and Communications Security},address	= {Scottsdale, Arizona}}