@article{dong2019gaussian,
  author  = {Dong, Jinshuo and Roth, Aaron and Su, Weijie J.},
  title   = {{Gaussian Differential Privacy}},
  journal = {Journal of the Royal Statistical Society Series B: Statistical Methodology},
  volume  = {84},
  number  = {1},
  pages   = {3-37},
  year    = {2022},
  issn    = {1369-7412}
}