@misc{haney2023concurrentcompositioninteractivedifferential,
      title={Concurrent Composition for Interactive Differential Privacy with Adaptive Privacy-Loss Parameters}, 
      author={Samuel Haney and Michael Shoemate and Grace Tian and Salil Vadhan and Andrew Vyrros and Vicki Xu and Wanrong Zhang},
      year={2023},
      eprint={2309.05901},
      archivePrefix={arXiv},
      primaryClass={cs.CR},
      url={https://arxiv.org/abs/2309.05901}, 
}