

@article{durfee2019practical,
  author       = {David Durfee and
                  Ryan Rogers},
  title        = {Practical Differentially Private Top-k Selection with Pay-what-you-get
                  Composition},
  journal      = {CoRR},
  volume       = {abs/1905.04273},
  year         = {2019},
  url          = {http://arxiv.org/abs/1905.04273},
  eprinttype    = {arXiv},
  eprint       = {1905.04273},
  timestamp    = {Mon, 02 Mar 2020 11:27:14 +0100},
  biburl       = {https://dblp.org/rec/journals/corr/abs-1905-04273.bib},
  bibsource    = {dblp computer science bibliography, https://dblp.org}
}

@article{cesar2020unifying,
  author       = {Mark Cesar and
                  Ryan Rogers},
  title        = {Unifying Privacy Loss Composition for Data Analytics},
  journal      = {CoRR},
  volume       = {abs/2004.07223},
  year         = {2020},
  url          = {https://arxiv.org/abs/2004.07223},
  eprinttype    = {arXiv},
  eprint       = {2004.07223},
  timestamp    = {Thu, 23 Apr 2020 13:59:01 +0200},
  biburl       = {https://dblp.org/rec/journals/corr/abs-2004-07223.bib},
  bibsource    = {dblp computer science bibliography, https://dblp.org}
}