@misc{liu2018privateselectionprivatecandidates,
      title={Private Selection from Private Candidates}, 
      author={Jingcheng Liu and Kunal Talwar},
      year={2018},
      eprint={1811.07971},
      archivePrefix={arXiv},
      primaryClass={cs.DS},
      url={https://arxiv.org/abs/1811.07971}, 
}