

@article{CKS20,
  author    = {Cl{\'{e}}ment L. Canonne and
               Gautam Kamath and
               Thomas Steinke},
  title     = {The Discrete Gaussian for Differential Privacy},
  journal   = {CoRR},
  volume    = {abs/2004.00010},
  year      = {2020},
  url       = {https://arxiv.org/abs/2004.00010},
  eprinttype = {arXiv},
  eprint    = {2004.00010},
  timestamp = {Sun, 14 Mar 2021 11:53:06 +0100},
  biburl    = {https://dblp.org/rec/journals/corr/abs-2004-00010.bib},
  bibsource = {dblp computer science bibliography, https://dblp.org}
}


@article{BV17,
  author    = {Victor Balcer and
               Salil P. Vadhan},
  title     = {Differential Privacy on Finite Computers},
  journal   = {CoRR},
  volume    = {abs/1709.05396},
  year      = {2017},
  url       = {http://arxiv.org/abs/1709.05396},
  eprinttype = {arXiv},
  eprint    = {1709.05396},
  timestamp = {Mon, 13 Aug 2018 16:48:30 +0200},
  biburl    = {https://dblp.org/rec/journals/corr/abs-1709-05396.bib},
  bibsource = {dblp computer science bibliography, https://dblp.org}
}


