@article{Kasiviswanathan_2014,
  title     = {On the “Semantics” of Differential Privacy: A Bayesian Formulation},
  volume    = {6},
  issn      = {2575-8527},
  url       = {http://dx.doi.org/10.29012/jpc.v6i1.634},
  doi       = {10.29012/jpc.v6i1.634},
  number    = {1},
  journal   = {Journal of Privacy and Confidentiality},
  publisher = {Journal of Privacy and Confidentiality},
  author    = {Kasiviswanathan, Shiva P. and Smith, Adam},
  year      = {2014},
  month     = jun
}
