@inproceedings{Balle2018ImprovingTG,
  title={Improving the Gaussian Mechanism for Differential Privacy: Analytical Calibration and Optimal Denoising},
  author={Borja Balle and Yu-Xiang Wang},
  booktitle={ICML},
  year={2018}
}