@article{TCS-042,
    url = {http://dx.doi.org/10.1561/0400000042},
    year = {2014},
    volume = {9},
    journal = {Foundations and Trends® in Theoretical Computer Science},
    title = {The Algorithmic Foundations of Differential Privacy},
    doi = {10.1561/0400000042},
    issn = {1551-305X},
    number = {3–4},
    pages = {211-407},
    author = {Cynthia Dwork and Aaron Roth}
}

@InProceedings{10.1007/11681878_14,
    author="Dwork, Cynthia
    and McSherry, Frank
    and Nissim, Kobbi
    and Smith, Adam",
    editor="Halevi, Shai
    and Rabin, Tal",
    title="Calibrating Noise to Sensitivity in Private Data Analysis",
    booktitle="Theory of Cryptography",
    year="2006",
    publisher="Springer Berlin Heidelberg",
    address="Berlin, Heidelberg",
    pages="265--284",
    isbn="978-3-540-32732-5"
}

@article{Medina2020DuffAD,
    title={Duff: A Dataset-Distance-Based Utility Function Family for the Exponential Mechanism},
    author={Andr{\'e}s Mu{\~n}oz Medina and Jennifer Gillenwater},
    journal={ArXiv},
    year={2020},
    volume={abs/2010.04235}
}